<?xml version="1.0" encoding="UTF-8"?>
<collection xmlns:xsi="http://www.w3.org/2001/XMLSchema-instance" xsi:schemaLocation="http://www.loc.gov/MARC21/slim http://www.loc.gov/standards/marcxml/schema/MARC21slim.xsd" xmlns="http://www.loc.gov/MARC21/slim">
<record>
  <leader>00802cam a22002291  4500</leader>
  <controlfield tag="001">3062724</controlfield>
  <controlfield tag="003">NNC</controlfield>
  <controlfield tag="005">20130520200816.0</controlfield>
  <controlfield tag="008">010808s1949    ua            000 0 ara d</controlfield>
  <datafield tag="035" ind1=" " ind2=" ">
    <subfield code="a">(OCoLC)ocm47735735</subfield>
  </datafield>
  <datafield tag="035" ind1=" " ind2=" ">
    <subfield code="9">ATN4436CU</subfield>
  </datafield>
  <datafield tag="035" ind1=" " ind2=" ">
    <subfield code="a">(NNC)3062724</subfield>
  </datafield>
  <datafield tag="035" ind1=" " ind2=" ">
    <subfield code="a">3062724</subfield>
  </datafield>
  <datafield tag="040" ind1=" " ind2=" ">
    <subfield code="a">ZCU</subfield>
    <subfield code="c">ZCU</subfield>
  </datafield>
  <datafield tag="099" ind1=" " ind2=" ">
    <subfield code="a">893.799</subfield>
    <subfield code="a">K1633</subfield>
  </datafield>
  <datafield tag="100" ind1="1" ind2=" ">
    <subfield code="a">Kautharī, Muḥammad Zāhid al-,</subfield>
    <subfield code="d">1879-1952.</subfield>
  </datafield>
  <datafield tag="245" ind1="1" ind2="3">
    <subfield code="a">al-Imtināʻ bisīrat al-imāmain,</subfield>
    <subfield code="b">al-Ḥasan ibn Ziyād, waṣahibuhū Muḥammad ibn Shujāʻ,</subfield>
    <subfield code="c">biqalam Muḥammad Zāhid al-Kautharī.</subfield>
  </datafield>
  <datafield tag="260" ind1=" " ind2=" ">
    <subfield code="a">al-Qāhirah,</subfield>
    <subfield code="b">Maṭb. al-Anwār,</subfield>
    <subfield code="c">1368 [1949]</subfield>
  </datafield>
  <datafield tag="300" ind1=" " ind2=" ">
    <subfield code="a">70 p.</subfield>
  </datafield>
  <datafield tag="600" ind1="0" ind2="0">
    <subfield code="a">Ḥasan ibn Ziyād al-Luʼluʼi,</subfield>
    <subfield code="d">active 810.</subfield>
  </datafield>
  <datafield tag="600" ind1="1" ind2="0">
    <subfield code="a">Ibn al-Thaljī, Muḥammad ibn Shujāʻ,</subfield>
    <subfield code="d">797 or 798-879 or 880.</subfield>
  </datafield>
  <datafield tag="955" ind1=" " ind2=" ">
    <subfield code="b">CU58843132</subfield>
    <subfield code="d">off,glx</subfield>
    <subfield code="e">893.799 K1633</subfield>
  </datafield>
</record>
</collection>